@misc{EdgeColoring,
	author = {Wikipedia},
	title = {Edge coloring},
	howpublished = {\url{http://en.wikipedia.org/wiki/Edge_coloring}},
	note = {Consulté le 2013-05-15},
}

@misc{Matching,
	author = {Wikipedia},
	title = {Matching},
	howpublished = {\url{http://en.wikipedia.org/wiki/Matching_(graph_theory)}},
	note = {Consulté le 2013-05-15},
}

@misc{BergeFulkerson,
	author = {Berge, Claude and Fulkerson, Delbert R.},
	title = {The {B}erge-{F}ulkerson conjecture},
	howpublished = {\url{http://www.openproblemgarden.org/?q=op/the_berge_fulkerson_conjecture}},
	note = {Consulté le 2013-05-15},
}

@misc{OpenMP,
	author = {{OpenMP Architecture Review Board}},
	title = {Open{MP} website},
	howpublished = {\url{http://openmp.org/}},
	note = {Consulté le 2013-05-15},
}

@misc{Python,
	author = {{Python Software Foundation}},
	title = {Python website},
	howpublished = {\url{http://www.python.org/}},
	note = {Consulté le 2013-05-15},
}

@misc{GTK,
	author = {{GTK+ Team}},
	title = {{GTK+} website},
	howpublished = {\url{http://www.gtk.org/}},
	note = {Consulté le 2013-05-15},
}

@misc{PyGTK,
	author = {{GNOME Project}},
	title = {Py{GTK} website},
	howpublished = {\url{http://www.pygtk.org/}},
	note = {Consulté le 2013-05-15},
}

@misc{Glade,
	author = {{GNOME Project}},
	title = {Glade website},
	howpublished = {\url{http://glade.gnome.org/}},
	note = {Consulté le 2013-05-15},
}

@misc{PyGObject,
	author = {{GNOME Project}},
	title = {Py{GO}bject website},
	howpublished = {\url{https://live.gnome.org/PyGObject}},
	note = {Consulté le 2013-05-15},
}

@misc{graph-tool,
	author = {{de Paula Peixoto}, Tiago},
	title = {graph-tool website},
	howpublished = {\url{http://projects.skewed.de/graph-tool/}},
	note = {Consulté le 2013-05-15},
}

@misc{GraphML,
	author = {Brandes and Eiglsperger and Herman and Himsolt and Marshall},
	title = {Graph{ML} file format},
	howpublished = {\url{http://graphml.graphdrawing.org/}},
	note = {Consulté le 2013-05-15},
}

@misc{expat,
	author = {Drake, Fred and Waclawek, Karl},
	title = {expat {XML} {P}arser},
	howpublished = {\url{http://expat.sourceforge.net/}},
	note = {Consulté le 2013-05-15},
}

@misc{SciPy,
	author = {{Community project}},
	title = {Sci{P}y website},
	howpublished = {\url{http://www.scipy.org/SciPy}},
	note = {Consulté le 2013-05-15},
}
@misc{NumPy,
	author = {Oliphant, Travis},
	title = {Num{P}y website},
	howpublished = {\url{http://www.numpy.org/}},
	note = {Consulté le 2013-05-15},
}
@misc{CGAL,
	author = {{CGAL Open Source Project}},
	title = {{CGAL} website},
	howpublished = {\url{http://www.cgal.org/}},
	note = {Consulté le 2013-05-15},
}
@misc{cairomm,
	author = {{Cairo Project}},
	title = {cairomm - a {C}++ {API} for cairo},
	howpublished = {\url{http://cairographics.org/cairomm/}},
	note = {Consulté le 2013-05-15},
}
@misc{pycairo,
	author = {{Cairo Project}},
	title = {pycairo - a {P}ython {API} for cairo},
	howpublished = {\url{http://cairographics.org/pycairo/}},
	note = {Consulté le 2013-05-15},
}
@misc{graphviz,
	author = {{AT\&T Labs Research and Contributors}},
	title = {Graph {V}isualization {S}oftware},
	howpublished = {\url{http://www.graphviz.org/}},
	note = {Consulté le 2013-05-15},
}

@misc{matplotlib,
	author = {Hunter, John},
	title = {matplotlib website},
	howpublished = {\url{http://matplotlib.org/}},
	note = {Consulté le 2013-05-15},
}

@misc{nauty,
	author = {McKay, Brendan and Piperno, Adolfo},
	title = {nauty and {T}races},
	howpublished = {\url{http://cs.anu.edu.au/~bdm/nauty/}},
	note = {Consulté le 2013-05-15},
}